=LDR  00698cam a2200229 c 4500
=001  990011769784702202
=005  20230313074100.0
=007  cr||||||||||||
=007  ta
=008  130305s2000\\\\no#|||||\|||||000|1|nob|\
=020  \\$a8205275440$qh.$cNkr 79.00
=041  1\$heng
=082  74$a823$qNO-OsNB$24/nor
=100  1\$aDahl, Roald$d1916-1990$0(NO-TrBIB)90064099$1http://viaf.org/viaf/108159131$4http://rdaregistry.info/Elements/w/object/P10061
=240  14$aSomeone like you$1http://viaf.org/viaf/3576165060229332740009$kEksempelsamling
=245  13$aEt hode kortere og andre hårreisende historier$cRoald Dahl ; oversatt av Peter Magnus
=246  1\$aSomeone like you$iOriginaltittel
=250  \\$a8. utg.
=260  \\$aOslo$bGyldendal$c2000
=300  \\$a277 s.
=336  \\$atext$2rdacontent$0http://rdaregistry.info/termList/RDAContentType/1020
=337  \\$aunmediated$2rdamedia$0http://rdaregistry.info/termList/RDAMediaType/1007
=338  \\$avolume$2rdacarrier$0http://rdaregistry.info/termList/RDACarrierType/1049
=500  \\$a1. norske utg. 1955 med tittel: Sånn er vi
=700  1\$aMagnus, Peter$4trl$1http://viaf.org/viaf/229584656$4http://rdaregistry.info/Elements/e/object/P20037
=700  \2$aDahl, Roald$tSånn er vi$1http://viaf.org/viaf/3576165060229332740009/01
=700  \2$aDahl, Roald$tSkjønneren$1http://viaf.org/viaf/183154037
=700  \2$aDahl, Roald$tDypfryst$1http://viaf.org/viaf/3576165060229332740009/02
=700  \2$aDahl, Roald$tMannen i panama-hatten$1http://viaf.org/viaf/1383154137632115370007
=700  \2$aDahl, Roald$tSoldaten$1http://viaf.org/viaf/3576165060229332740009/03
=700  \2$aDahl, Roald$tHøyt spill$1http://viaf.org/viaf/3576165060229332740009/04
=700  \2$aDahl, Roald$tEn frisk dukkert$1http://viaf.org/viaf/3576165060229332740009/05
=700  \2$aDahl, Roald$tSkolekameraten$1http://viaf.org/viaf/3576165060229332740009/06
=700  \2$aDahl, Roald$tAnnen manns rygg$1http://viaf.org/viaf/308768851
=700  \2$aDahl, Roald$tGift$1http://viaf.org/viaf/3576165060229332740009/07
=700  \2$aDahl, Roald$tØnsket$1http://viaf.org/viaf/3576165060229332740009/08
=700  \2$aDahl, Roald$tEt hode kortere$1http://viaf.org/viaf/3576165060229332740009/09
=700  \2$aDahl, Roald$tLyd-maskinen$1http://viaf.org/viaf/3576165060229332740009/10
=700  \2$aDahl, Roald$tHevnen er søt $1http://viaf.org/viaf/3576165060229332740009/11
=700  \2$aDahl, Roald$tDen store automatiske diktografen$1http://viaf.org/viaf/3576165060229332740009/12
=700  \2$aDahl, Roald$tClauds hund I - Rottefangeren$1http://viaf.org/viaf/3576165060229332740009/13
=700  \2$aDahl, Roald$tClauds hund II - Høystakken$1http://viaf.org/viaf/3576165060229332740009/14
=700  \2$aDahl, Roald$tClauds hund III - Fremtidsplaner$1http://viaf.org/viaf/3576165060229332740009/15
=700  \2$aDahl, Roald$tClauds hund IV - Den store dagen$1http://viaf.org/viaf/3576165060229332740009/16
=700  \2$aDahl, Roald$tSånn er vi
=740  0\$aSkjønneren$1http://viaf.org/viaf/183154037
=740  0\$aDypfryst
=740  0\$aMannen i panama-hatten$1http://viaf.org/viaf/1383154137632115370007
=740  0\$aSoldaten
=740  0\$aHøyt spill
=740  0\$aEn frisk dukkert
=740  0\$aSkolekameraten
=740  0\$aAnnen manns rygg$1http://viaf.org/viaf/308768851
=740  0\$aGift
=740  0\$aØnsket
=740  0\$aEt hode kortere
=740  0\$aLyd-maskinen
=740  0\$aHevnen er søt 
=740  0\$aDen store automatiske diktografen
=740  0\$aClauds hund I - Rottefangeren
=740  0\$aClauds hund II - Høystakken
=740  0\$aClauds hund III - Fremtidsplaner
=740  0\$aClauds hund IV - Den store dagen

