=LDR  00747cam a2200241 c 4500
=001  990007772004702202
=005  20230303111343.0
=007  cr||||||||||||
=007  ta
=008  141217s2000\\\\no#|||||\|||||000|1|nob|\
=020  \\$a8205270120$qh.$cNkr 79.00
=041  1\$heng
=080  \\$a820
=082  74$a823$qNO-OsNB$24/nor
=100  1\$aDahl, Roald$d1916-1990$1http://viaf.org/viaf/108159131$4http://rdaregistry.info/Elements/w/object/P10061
=240  14$aThe wonderful story of Henry Sugar and six more$1http://viaf.org/viaf/309343708$kEksempelsamling
=245  14$aDen fantastiske historien om Henry Sugar og seks andre$cRoald Dahl ; oversatt av Tor Edvin Dahl
=246  1\$aThe wonderful story of Henry Sugar and six more$iOriginaltittel
=250  \\$a2. utg.
=260  \\$a[Oslo]$bGyldendal$c2000
=300  \\$a194 s.
=336  \\$atext$2rdacontent$0http://rdaregistry.info/termList/RDAContentType/1020
=337  \\$aunmediated$2rdamedia$0http://rdaregistry.info/termList/RDAMediaType/1007
=338  \\$avolume$2rdacarrier$0http://rdaregistry.info/termList/RDACarrierType/1049
=500  \\$a1. norske utg. 1989
=700  1\$aDahl, Tor Edvin$4trl$1http://viaf.org/viaf/115456625$4http://rdaregistry.info/Elements/e/object/P20037
=700  \2$aDahl, Roald$tGutten som snakket med dyrene$1http://viaf.org/viaf/2037165326595116290001
=700  \2$aDahl, Roald$tHaikeren$1http://viaf.org/viaf/309343708/01
=700  \2$aDahl, Roald$tSkatten i Mildenhall$1http://viaf.org/viaf/309343708/02
=700  \2$aDahl, Roald$tSvanen$1http://viaf.org/viaf/309343708/03
=700  \2$aDahl, Roald$tDen fantastiske historien om Henry Sugar$1http://viaf.org/viaf/309343708/04
=700  \2$aDahl, Roald$tFlaks$1http://viaf.org/viaf/309343708/05
=700  \2$aDahl, Roald$tRene barnematen$1http://viaf.org/viaf/309343708/06
=740  0\$aDen fantastiske historien om Henry Sugar og 6 andre
=740  0\$aGutten som snakket med dyrene$1http://viaf.org/viaf/2037165326595116290001
=740  0\$aHaikeren
=740  0\$aSkatten i Mildenhall
=740  0\$aSvanen
=740  0\$aDen fantastiske historien om Henry Sugar
=740  0\$aFlaks 
=740  0\$aRene barnematen

