=LDR  01385aam a22003731i 4500
=001  018809572
=003  Uk
=005  20180924120654.0
=006  m\\\\||\\d\|\\\\\\
=007  cr\|||||||||||
=008  150901s2015\\\\nyu\\\\\o\\\\\000\1\eng\d
=020  \\$a160945328X$qelectronic bk.
=020  \\$a9781609453282$qelectronic bk.
=037  \\$a9781609453282$bIngram Content Group
=041  1\$aeng$hita
=082  04$a853/.914$223
=100  1\$aFerrante, Elena,$eauthor.$1http://viaf.org/viaf/32103009$4http://rdaregistry.info/Elements/w/object/P10061
=240  10$aNapoli kvartetten$1http://www.wikidata.org/wiki/Q22981812$kEksempelsamling
=245  14$aThe Neapolitan novels boxed set /$cElena Ferrante ; translated from the Italian by Ann Goldstein.
=246  3\$aNeapolitan novels
=264  \1$aNew York, NY :$bEuropa Editions,$c2015.
=264  \4$c©2015
=336  \\$atext$2rdacontent$0http://rdaregistry.info/termList/RDAContentType/1020
=337  \\$acomputer$2rdamedia$0http://rdaregistry.info/termList/RDAMediaType/1003
=338  \\$aonline resource$2rdacarrier$0http://rdaregistry.info/termList/RDACarrierType/1018
=338  \\$aonline resource$2rdacarrier
=505  0\$aMy brilliant friend -- The story of a new name -- Those who leave and those who stay -- The story of the lost child.
=588  0\$aOnline resource; title from READ title page (OverDrive, January 14, 2016).
=700  \\$aGoldstein, Ann$1Goldstein, Ann$4http://rdaregistry.info/Elements/e/object/P20037
=700  12$aFerrante, Elena$tFerrante, Elena.$tStoria del nuovo cognome.$1http://viaf.org/viaf/316873931$81
=740  \\$aThe story of a new name$81
=700  12$aFerrante, Elena$tFerrante, Elena.$tStoria di chi fugge e di chi resta.$1http://viaf.org/viaf/315937141$82
=740  \\$aThose who leave and those who stay$82
=700  12$aFerrante, Elena$tL'amica geniale$1http://viaf.org/viaf/313294935$83
=740  \\$aMy brilliant friend$83
=700  12$aFerrante, Elena$tStoria della bambina perduta$1http://viaf.org/viaf/1125155953594542630002$84
=740  \\$aThe story of the lost child$84
=800  1\$aFerrante, Elena.$tAmica geniale.
=830  \0$aNeapolitan.

