=LDR  01879cam a2200421 c 4500
=001  990314334304702202
=005  20230302112259.0
=007  cr||||||||||||
=007  ta
=008  131025s2003\\\\no\||||j\|||||000|1|mul|\
=020  \\$a8299625823$qh.
=041  1\$anno$anob$hnob
=080  \\$a82(08)
=080  \\$a82(08)-3
=082  04$a808.83$223
=082  74$a808.83$qNO-OsNB$25/nor
=245  00$aDramatisk$ctekstsamlingen er redigert av Foreningen !les
=260  \\$aOslo$bForeningen !les$c2003
=300  \\$a87 s.$bill.
=490  1\$aAksjon tXt$v2003
=500  \\$a"En Foreningen !les produksjon" - Omslaget
=500  \\$aBoken er en gave til alle elever i ungdomsskolen
=500  \\$aInneholder utdrag fra 14 tidligere publiserte bøker
=700  12$aBringsværd, Tor Åge$d1939-$tDen store boken om norrøne guder$0(NO-TrBIB)90058926
=700  12$aCarey, Peter$d1943-$tDen store premien$0(NO-TrBIB)90074579
=700  12$aColfer, Eoin$d1965-$tArtemis Fowl$0(NO-TrBIB)1081557
=700  12$aEisner, Will$d1917-2005$tMoby Dick$0(NO-TrBIB)90157506
=700  12$aHagerup, Hilde$d1976-$tLøvetannsang$0(NO-TrBIB)98071177
=700  12$aJohnsen, Kjetil$d1966-02-23-$tLike a rolling stone$0(NO-TrBIB)3094144
=700  12$aKaaberbøl, Lene$d1960-$tSkammarens dotter$0(NO-TrBIB)90407043
=700  12$aKnudsen, Sverre$d1955-$tRask$0(NO-TrBIB)90940402
=700  12$aLoe, Erlend$d1969-$tKurt blir grusom$0(NO-TrBIB)90684905
=700  12$aOlsen, Pål Gerhard$d1959-$tTigrene på opptur$0(NO-TrBIB)90084869
=700  12$aRenberg, Tore$d1972-$tMannen som elsket Yngve$0(NO-TrBIB)90858991
=700  12$aShan, Darren$d1972-$tSkrekkens sirkus$0(NO-TrBIB)3032422
=700  12$aSvingen, Arne$d1967-$tKarisma$0(NO-TrBIB)90566115
=700  12$aTrohaug, Ragnfrid$d1975-$tFrå null til no$0(NO-TrBIB)49400
=830  \0$aAksjon tXt ... (trykt utg.)$x1890-405x$v2003$w990715894654702201

